<?xml version="1.0" encoding="UTF-8"?>
<record xmlns="http://www.loc.gov/MARC21/slim" xmlns:xsi="http://www.w3.org/2001/XMLSchema-instance" xsi:schemaLocation="http://www.loc.gov/MARC21/slim http://www.loc.gov/standards/marcxml/schema/MARC21slim.xsd">
<leader>     cam a2200289 a 4500</leader>
<controlfield tag="001">001689257</controlfield>
<controlfield tag="003">NNU</controlfield>
<controlfield tag="005">20061010170927.0</controlfield>
<controlfield tag="008">001212s1895    ua            000 0 ara d</controlfield>
<datafield tag="035" ind1="9" ind2=" ">
<subfield code="a">NYUb12233613</subfield>
</datafield>
<datafield tag="035" ind1=" " ind2=" ">
<subfield code="a">(CStRLIN)NYUG00-B4087</subfield>
</datafield>
<datafield tag="040" ind1=" " ind2=" ">
<subfield code="a">NNU</subfield>
<subfield code="c">NNU</subfield>
</datafield>
<datafield tag="050" ind1=" " ind2="4">
<subfield code="a">BP130.4</subfield>
<subfield code="b">.K36</subfield>
</datafield>
<datafield tag="066" ind1=" " ind2=" ">
<subfield code="c">(3</subfield>
</datafield>
<datafield tag="090" ind1=" " ind2=" ">
<subfield code="a">BP130.4</subfield>
<subfield code="b">.K36</subfield>
</datafield>
<datafield tag="100" ind1="1" ind2=" ">
<subfield code="a">Khāzin al-Baghdādī, ʻAlī ibn Muḥammad,</subfield>
<subfield code="d">1279 or 80-1341</subfield>
<subfield code="6">880-01</subfield>
</datafield>
<datafield tag="240" ind1="1" ind2="0">
<subfield code="6">880-02</subfield>
<subfield code="a">Lubāb al-taʼwīl fī maʻānī al-tanzīl</subfield>
</datafield>
<datafield tag="245" ind1="1" ind2="0">
<subfield code="6">880-03</subfield>
<subfield code="a">Tafsīr al-Qurʼān al-musammá Lubāb al-taʼwīl fī maʻānī al -tanzīl /</subfield>
<subfield code="c">taʼlīf ʻAlāʼ al-Dīn ʻAlī ibn Muḥammad ibn Ibrāhīm al -Baghdādī al-maʻrūf bi-al-Khāzin. Wa-bi-hāmishihi tafsīr Madārik al-tanzīl wa-ḥaqāʼiq al-taʼwīl / li-Abī al-Barakāt ʻAbd Allāh ibn Aḥmad ibn Maḥmūd al-Nasafī.</subfield>
</datafield>
<datafield tag="260" ind1=" " ind2=" ">
<subfield code="6">880-04</subfield>
<subfield code="a">Miṣr :</subfield>
<subfield code="b">al-Maṭbaʻah al-Azharīyah,</subfield>
<subfield code="c">1895.</subfield>
</datafield>
<datafield tag="300" ind1=" " ind2=" ">
<subfield code="a">4 v. ;</subfield>
<subfield code="c">28 cm.</subfield>
</datafield>
<datafield tag="630" ind1="0" ind2="0">
<subfield code="a">Koran</subfield>
<subfield code="v">Commentaries.</subfield>
</datafield>
<datafield tag="700" ind1="1" ind2="2">
<subfield code="a">Nasafī, ʻAbd Allāh ibn Aḥmad,</subfield>
<subfield code="d">d. 1310</subfield>
<subfield code="6">880-05</subfield>
<subfield code="t">Madārik al-tanzīl wa-ḥaqāʼiq al-taʼwīl.</subfield>
</datafield>
<datafield tag="880" ind1="1" ind2=" ">
<subfield code="6">100-01/</subfield>
<subfield code="a">خازن البغدادي، عبد الله بن محمد.</subfield>
</datafield>
<datafield tag="880" ind1="1" ind2="0">
<subfield code="6">240-02/</subfield>
<subfield code="a">لباب التأويل في معاني التنزيل</subfield>
</datafield>
<datafield tag="880" ind1="1" ind2="0">
<subfield code="6">245-03/</subfield>
<subfield code="a">تفسير القرآن المسمى لباب التأويل في معاني التنزيل /</subfield>
<subfield code="c">تأليف علاء الدين علي بن محمد بن إبراهيم البغدادي المعروف بالخازن. وبهامشه تفسير مدارك التنزيل وحقائق التأويل / لأبى بركات عبد الله بن أحمد بن محمود النسفى.</subfield>
</datafield>
<datafield tag="880" ind1=" " ind2=" ">
<subfield code="6">260-04/</subfield>
<subfield code="a">مصر :</subfield>
<subfield code="b">المطبعة الأزهرية،</subfield>
<subfield code="c">١٨٩٥.</subfield>
</datafield>
<datafield tag="880" ind1="1" ind2="2">
<subfield code="6">700-05/</subfield>
<subfield code="a">نسفي، عبد الله بن أحمد.</subfield>
<subfield code="t">مدارك التنزيل وحقائق التأويل.</subfield>
</datafield>
<datafield tag="OWN" ind1=" " ind2=" ">
<subfield code="a">GENERAL</subfield>
</datafield>
<datafield tag="998" ind1=" " ind2=" ">
<subfield code="a">20001213</subfield>
<subfield code="d">20001212</subfield>
<subfield code="d">20001213</subfield>
<subfield code="n">NNU</subfield>
<subfield code="s">1</subfield>
<subfield code="t">c</subfield>
<subfield code="z">p</subfield>
</datafield>
<datafield tag="AVA" ind1=" " ind2=" ">
<subfield code="a">NYU50</subfield>
<subfield code="b">BOBST</subfield>
<subfield code="c">Main Collection</subfield>
<subfield code="d">BP130.4 .K36</subfield>
<subfield code="e">unavailable</subfield>
<subfield code="t">Unavailable</subfield>
<subfield code="f">4</subfield>
<subfield code="g">4</subfield>
<subfield code="h">Y</subfield>
<subfield code="i">0</subfield>
<subfield code="j">MAIN</subfield>
</datafield>
</record>
